<record><leader>00000cas a22000007a 4500</leader><controlfield tag="001">14638590</controlfield><controlfield tag="008">861105d18411842wiuwr ne      0    0eng d</controlfield><datafield ind1=" " ind2=" " tag="010"><subfield code="a">sn 86086602 </subfield></datafield><datafield ind1=" " ind2=" " tag="040"><subfield code="a">NPV</subfield><subfield code="b">eng</subfield><subfield code="c">NPV</subfield><subfield code="d">NVF</subfield><subfield code="d">OCLCQ</subfield></datafield><datafield ind1=" " ind2=" " tag="042"><subfield code="a">msc</subfield></datafield><datafield ind1="0" ind2="0" tag="245"><subfield code="a">Milwaukie sentinel &amp; Wisconsin farmer.</subfield></datafield><datafield ind1="1" ind2="3" tag="246"><subfield code="a">Sentinel &amp; farmer</subfield></datafield><datafield ind1=" " ind2=" " tag="260"><subfield code="a">Milwaukie [i.e. Milwaukee], Wis. :</subfield><subfield code="b">H. Reed,</subfield><subfield code="c">1841-1842.</subfield></datafield><datafield ind1=" " ind2=" " tag="300"><subfield code="a">v.</subfield></datafield><datafield ind1=" " ind2=" " tag="310"><subfield code="a">Weekly</subfield></datafield><datafield ind1="0" ind2=" " tag="362"><subfield code="a">New ser., vol. 1, no. 1 (Oct. 19, 1841)-n.s., v. 1, no. 16 (Feb. 5, 1842) = v. 5, no. 5-v. 5, no. 20.</subfield></datafield><datafield ind1=" " ind2=" " tag="752"><subfield code="a">United States</subfield><subfield code="b">Wisconsin</subfield><subfield code="c">Milwaukee</subfield><subfield code="d">Milwaukee.</subfield></datafield><datafield ind1=" " ind2=" " tag="752"><subfield code="a">United States</subfield><subfield code="b">Wisconsin</subfield><subfield code="c">Washington</subfield><subfield code="d">Milwaukee.</subfield></datafield><datafield ind1="0" ind2="0" tag="785"><subfield code="t">Sentinel and farmer</subfield><subfield code="w">(DLC)sn 86086603</subfield></datafield></record>